begin{thebibliography}{}

@ARTICLE{Falcke2000,
   author = {{Falcke}, H. and {Melia}, F. and {Agol}, E.},
    title = "{Viewing the Shadow of the Black Hole at the Galactic Center}",
  journal = {\apjl},
   eprint = {astro-ph/9912263},
 keywords = {BLACK HOLE PHYSICS, GALAXIES: ACTIVE, GALAXY: CENTER, RELATIVITY, SUBMILLIMETER, TECHNIQUES: INTERFEROMETRIC, Black Hole Physics, Galaxies: Active, Galaxy: Center, Relativity, Submillimeter, Techniques: Interferometric},
     year = 2000,
    month = jan,
   volume = 528,
    pages = {L13-L16},
      doi = {10.1086/312423},
   adsurl = {http://adsabs.harvard.edu/abs/2000ApJ...528L..13F},
  adsnote = {Provided by the SAO/NASA Astrophysics Data System}
}

@ARTICLE{Shen2005,
   author = {{Shen}, Z.-Q.},
    title = "{VLBI Studies of Sgr A*}",
  journal = {Journal of Korean Astronomical Society},
 keywords = {Galaxy: center, galaxies: individual (Sagittarius A*), techniques: interferometric},
     year = 2005,
    month = jun,
   volume = 38,
    pages = {261-266},
   adsurl = {http://adsabs.harvard.edu/abs/2005JKAS...38..261S},
  adsnote = {Provided by the SAO/NASA Astrophysics Data System}
}

@ARTICLE{Doeleman2008Nature,
   author = {{Doeleman}, S.~S. and {Weintroub}, J. and {Rogers}, A.~E.~E. and 
	{Plambeck}, R. and {Freund}, R. and {Tilanus}, R.~P.~J. and 
	{Friberg}, P. and {Ziurys}, L.~M. and {Moran}, J.~M. and {Corey}, B. and 
	{Young}, K.~H. and {Smythe}, D.~L. and {Titus}, M. and {Marrone}, D.~P. and 
	{Cappallo}, R.~J. and {Bock}, D.~C.-J. and {Bower}, G.~C. and 
	{Chamberlin}, R. and {Davis}, G.~R. and {Krichbaum}, T.~P. and 
	{Lamb}, J. and {Maness}, H. and {Niell}, A.~E. and {Roy}, A. and 
	{Strittmatter}, P. and {Werthimer}, D. and {Whitney}, A.~R. and 
	{Woody}, D.},
    title = "{Event-horizon-scale structure in the supermassive black hole candidate at the Galactic Centre}",
  journal = {\nat},
archivePrefix = "arXiv",
   eprint = {0809.2442},
     year = 2008,
    month = sep,
   volume = 455,
    pages = {78-80},
      doi = {10.1038/nature07245},
   adsurl = {http://adsabs.harvard.edu/abs/2008Natur.455...78D},
  adsnote = {Provided by the SAO/NASA Astrophysics Data System}
}

@ARTICLE{Broderick2009estim,
   author = {{Broderick}, A.~E. and {Fish}, V.~L. and {Doeleman}, S.~S. and 
	{Loeb}, A.},
    title = "{Estimating the Parameters of Sagittarius A*'s Accretion Flow Via Millimeter VLBI}",
  journal = {\apj},
archivePrefix = "arXiv",
   eprint = {0809.4490},
 keywords = {accretion, accretion disks, black hole physics, Galaxy: center, submillimeter, techniques: interferometric},
     year = 2009,
    month = may,
   volume = 697,
    pages = {45-54},
      doi = {10.1088/0004-637X/697/1/45},
   adsurl = {http://adsabs.harvard.edu/abs/2009ApJ...697...45B},
  adsnote = {Provided by the SAO/NASA Astrophysics Data System}
}


@ARTICLE{2009ApJ...706.1353F,
   author = {{Fish}, V.~L. and {Doeleman}, S.~S. and {Broderick}, A.~E. and 
	{Loeb}, A. and {Rogers}, A.~E.~E.},
    title = "{Detecting Changing Polarization Structures in Sagittarius A* with High Frequency VLBI}",
  journal = {\apj},
archivePrefix = "arXiv",
   eprint = {0910.3893},
 primaryClass = "astro-ph.GA",
 keywords = {accretion, accretion disks, black hole physics, Galaxy: center, polarization, submillimeter, techniques: interferometric},
     year = 2009,
    month = dec,
   volume = 706,
    pages = {1353-1363},
      doi = {10.1088/0004-637X/706/2/1353},
   adsurl = {http://adsabs.harvard.edu/abs/2009ApJ...706.1353F},
  adsnote = {Provided by the SAO/NASA Astrophysics Data System}
}

@ARTICLE{Broderick2009evhor,
   author = {{Broderick}, A.~E. and {Loeb}, A. and {Narayan}, R.},
    title = "{The Event Horizon of Sagittarius A*}",
  journal = {\apj},
archivePrefix = "arXiv",
   eprint = {0903.1105},
 primaryClass = "astro-ph.HE",
 keywords = {black hole physics, Galaxy: center, infrared: general, techniques: interferometric},
     year = 2009,
    month = aug,
   volume = 701,
    pages = {1357-1366},
      doi = {10.1088/0004-637X/701/2/1357},
   adsurl = {http://adsabs.harvard.edu/abs/2009ApJ...701.1357B},
  adsnote = {Provided by the SAO/NASA Astrophysics Data System}
}

@ARTICLE{Fish2009constrriaf,
   author = {{Fish}, V.~L. and {Broderick}, A.~E. and {Doeleman}, S.~S. and 
	{Loeb}, A.},
    title = "{Using Millimeter VLBI to Constrain RIAF Models of Sagittarius A*}",
  journal = {\apjl},
archivePrefix = "arXiv",
   eprint = {0809.4489},
 keywords = {accretion, accretion disks, black hole physics, Galaxy: center, submillimeter, techniques: interferometric},
     year = 2009,
    month = feb,
   volume = 692,
    pages = {L14-L18},
      doi = {10.1088/0004-637X/692/1/L14},
   adsurl = {http://adsabs.harvard.edu/abs/2009ApJ...692L..14F},
  adsnote = {Provided by the SAO/NASA Astrophysics Data System}
}

@ARTICLE{Monica2006accrpatt,
   author = {{Mo{\'s}cibrodzka}, M. and {Das}, T.~K. and {Czerny}, B.},
    title = "{The pattern of accretion flow on to Sgr A*}",
  journal = {\mnras},
   eprint = {arXiv:astro-ph/0604516},
 keywords = {accretion: accretion discs , Galaxy: centre , galaxies: active},
     year = 2006,
    month = jul,
   volume = 370,
    pages = {219-228},
      doi = {10.1111/j.1365-2966.2006.10470.x},
   adsurl = {http://adsabs.harvard.edu/abs/2006MNRAS.370..219M},
  adsnote = {Provided by the SAO/NASA Astrophysics Data System}
}

@ARTICLE{Monika2012galacenter,
   author = {{Mo{\'s}cibrodzka}, M. and {Shiokawa}, H. and {Gammie}, C.~F. and 
	{Dolence}, J.~C.},
    title = "{The Galactic Center Weather Forecast}",
  journal = {\apjl},
archivePrefix = "arXiv",
   eprint = {1204.1371},
 primaryClass = "astro-ph.HE",
 keywords = {Galaxy: center},
     year = 2012,
    month = jun,
   volume = 752,
      eid = {L1},
    pages = {L1},
      doi = {10.1088/2041-8205/752/1/L1},
   adsurl = {http://adsabs.harvard.edu/abs/2012ApJ...752L...1M},
  adsnote = {Provided by the SAO/NASA Astrophysics Data System}
}

@ARTICLE{Monica2009radmod,
   author = {{Mo{\'s}cibrodzka}, M. and {Gammie}, C.~F. and {Dolence}, J.~C. and 
	{Shiokawa}, H. and {Leung}, P.~K.},
    title = "{Radiative Models of SGR A* from GRMHD Simulations}",
  journal = {\apj},
archivePrefix = "arXiv",
   eprint = {0909.5431},
 primaryClass = "astro-ph.HE",
 keywords = {accretion, accretion disks, black hole physics, Galaxy: center, MHD, radiative transfer},
     year = 2009,
    month = nov,
   volume = 706,
    pages = {497-507},
      doi = {10.1088/0004-637X/706/1/497},
   adsurl = {http://adsabs.harvard.edu/abs/2009ApJ...706..497M},
  adsnote = {Provided by the SAO/NASA Astrophysics Data System}
}

@ARTICLE{Monica2009magnaccr,
   author = {{Mo{\'s}cibrodzka}, M. and {Proga}, D.},
    title = "{Magnetized accretion flows: effects of gas pressure}",
  journal = {\mnras},
archivePrefix = "arXiv",
   eprint = {0905.3920},
 primaryClass = "astro-ph.HE",
 keywords = {accretion, accretion discs , black hole physics , MHD , methods: numerical , galaxies: nuclei , X-ray: binaries},
     year = 2009,
    month = aug,
   volume = 397,
    pages = {2087-2098},
      doi = {10.1111/j.1365-2966.2009.15095.x},
   adsurl = {http://adsabs.harvard.edu/abs/2009MNRAS.397.2087M},
  adsnote = {Provided by the SAO/NASA Astrophysics Data System}
}

@ARTICLE{Broderick2011lowspin,
   author = {{Broderick}, A.~E. and {Fish}, V.~L. and {Doeleman}, S.~S. and 
	{Loeb}, A.},
    title = "{Evidence for Low Black Hole Spin and Physically Motivated Accretion Models from Millimeter-VLBI Observations of Sagittarius A*}",
  journal = {\apj},
archivePrefix = "arXiv",
   eprint = {1011.2770},
 primaryClass = "astro-ph.HE",
 keywords = {accretion, accretion disks, black hole physics, Galaxy: center, submillimeter: general, techniques: interferometric},
     year = 2011,
    month = jul,
   volume = 735,
      eid = {110},
    pages = {110},
      doi = {10.1088/0004-637X/735/2/110},
   adsurl = {http://adsabs.harvard.edu/abs/2011ApJ...735..110B},
  adsnote = {Provided by the SAO/NASA Astrophysics Data System}
}

@ARTICLE{Broderick2011constr,
   author = {{Broderick}, A.~E. and {Fish}, V.~L. and {Doeleman}, S.~S. and 
	{Loeb}, A.},
    title = "{Constraining the Structure of Sagittarius A*'s Accretion Flow with Millimeter Very Long Baseline Interferometry Closure Phases}",
  journal = {\apj},
archivePrefix = "arXiv",
   eprint = {1106.2550},
 primaryClass = "astro-ph.HE",
 keywords = {accretion, accretion disks, black hole physics, Galaxy: center, submillimeter: general, techniques: interferometric},
     year = 2011,
    month = sep,
   volume = 738,
      eid = {38},
    pages = {38},
      doi = {10.1088/0004-637X/738/1/38},
   adsurl = {http://adsabs.harvard.edu/abs/2011ApJ...738...38B},
  adsnote = {Provided by the SAO/NASA Astrophysics Data System}
}

@ARTICLE{Kamruddin2013cresc,
   author = {{Kamruddin}, A.~B. and {Dexter}, J.},
    title = "{A geometric crescent model for black hole images}",
  journal = {\mnras},
archivePrefix = "arXiv",
   eprint = {1306.3226},
 primaryClass = "astro-ph.HE",
 keywords = {accretion, accretion discs, black hole physics, techniques: interferometric, Galaxy: centre, submillimetre: general},
     year = 2013,
    month = jul,
      doi = {10.1093/mnras/stt1068},
   adsurl = {http://adsabs.harvard.edu/abs/2013MNRAS.tmp.1720K},
  adsnote = {Provided by the SAO/NASA Astrophysics Data System}
}

@ARTICLE{Johannsen2010testqk,
   author = {{Johannsen}, T. and {Psaltis}, D.},
    title = "{Testing the No-hair Theorem with Observations in the Electromagnetic Spectrum. I. Properties of a Quasi-Kerr Spacetime}",
  journal = {\apj},
archivePrefix = "arXiv",
   eprint = {1003.3415},
 primaryClass = "astro-ph.HE",
 keywords = {black hole physics, gravitation},
     year = 2010,
    month = jun,
   volume = 716,
    pages = {187-197},
      doi = {10.1088/0004-637X/716/1/187},
   adsurl = {http://adsabs.harvard.edu/abs/2010ApJ...716..187J},
  adsnote = {Provided by the SAO/NASA Astrophysics Data System}
}

@ARTICLE{Johannsen2010testbhim,
   author = {{Johannsen}, T. and {Psaltis}, D.},
    title = "{Testing the No-hair Theorem with Observations in the Electromagnetic Spectrum. II. Black Hole Images}",
  journal = {\apj},
archivePrefix = "arXiv",
   eprint = {1005.1931},
 primaryClass = "astro-ph.HE",
 keywords = {accretion, accretion disks, black hole physics, Galaxy: center, gravitation, gravitational lensing: strong, stars: individual: Sgr A{\amp}ast},
     year = 2010,
    month = jul,
   volume = 718,
    pages = {446-454},
      doi = {10.1088/0004-637X/718/1/446},
   adsurl = {http://adsabs.harvard.edu/abs/2010ApJ...718..446J},
  adsnote = {Provided by the SAO/NASA Astrophysics Data System}
}

@ARTICLE{Johannsen2011testqpvar,
   author = {{Johannsen}, T. and {Psaltis}, D.},
    title = "{Testing the No-hair Theorem with Observations in the Electromagnetic Spectrum. III. Quasi-periodic Variability}",
  journal = {\apj},
archivePrefix = "arXiv",
   eprint = {1010.1000},
 primaryClass = "astro-ph.HE",
 keywords = {accretion, accretion disks, black hole physics, gravitation, hydrodynamics, stars: individual: Sgr Aast, X-rays: binaries},
     year = 2011,
    month = jan,
   volume = 726,
      eid = {11},
    pages = {11},
      doi = {10.1088/0004-637X/726/1/11},
   adsurl = {http://adsabs.harvard.edu/abs/2011ApJ...726...11J},
  adsnote = {Provided by the SAO/NASA Astrophysics Data System}
}

@ARTICLE{Johannsen2012testiron,
   author = {{Johannsen}, T. and {Psaltis}, D.},
    title = "{Testing the No-Hair Theorem with Observations in the Electromagnetic Spectrum. IV. Relativistically Broadened Iron Lines}",
  journal = {ArXiv e-prints},
archivePrefix = "arXiv",
   eprint = {1202.6069},
 primaryClass = "astro-ph.HE",
 keywords = {Astrophysics - High Energy Astrophysical Phenomena, General Relativity and Quantum Cosmology},
     year = 2012,
    month = feb,
   adsurl = {http://adsabs.harvard.edu/abs/2012arXiv1202.6069J},
  adsnote = {Provided by the SAO/NASA Astrophysics Data System}
}

@ARTICLE{Fish2011detect,
   author = {{Fish}, V.~L. and {Doeleman}, S.~S. and {Beaudoin}, C. and {Blundell}, R. and 
	{Bolin}, D.~E. and {Bower}, G.~C. and {Chamberlin}, R. and {Freund}, R. and 
	{Friberg}, P. and {Gurwell}, M.~A. and {Honma}, M. and {Inoue}, M. and 
	{Krichbaum}, T.~P. and {Lamb}, J. and {Marrone}, D.~P. and {Moran}, J.~M. and 
	{Oyama}, T. and {Plambeck}, R. and {Primiani}, R. and {Rogers}, A.~E.~E. and 
	{Smythe}, D.~L. and {SooHoo}, J. and {Strittmatter}, P. and 
	{Tilanus}, R.~P.~J. and {Titus}, M. and {Weintroub}, J. and 
	{Wright}, M. and {Woody}, D. and {Young}, K.~H. and {Ziurys}, L.~M.
	},
    title = "{1.3 mm Wavelength VLBI of Sagittarius A*: Detection of Time-variable Emission on Event Horizon Scales}",
  journal = {\apjl},
archivePrefix = "arXiv",
   eprint = {1011.2472},
 primaryClass = "astro-ph.GA",
 keywords = {Galaxy: center, submillimeter: general, techniques: high angular resolution, techniques: interferometric},
     year = 2011,
    month = feb,
   volume = 727,
      eid = {L36},
    pages = {L36},
      doi = {10.1088/2041-8205/727/2/L36},
   adsurl = {http://adsabs.harvard.edu/abs/2011ApJ...727L..36F},
  adsnote = {Provided by the SAO/NASA Astrophysics Data System}
}

@INPROCEEDINGS{Psaltis2010test,
   author = {{Psaltis}, D. and {Johannsen}, T.},
    title = "{Testing the No-Hair Theorem with Observations of Astrophysical Black Holes in the Electromagnetic Spectrum}",
booktitle = {The Energetic Cosmos: from Suzaku to ASTRO-H},
     year = 2010,
archivePrefix = "arXiv",
   eprint = {0912.0022},
 primaryClass = "astro-ph.HE",
   editor = {{Makishima}, K.},
    month = feb,
    pages = {240-243},
   adsurl = {http://adsabs.harvard.edu/abs/2010ecsa.conf..240P},
  adsnote = {Provided by the SAO/NASA Astrophysics Data System}
}

@INPROCEEDINGS{Johannsen2010testcospar,
   author = {{Johannsen}, T. and {Psaltis}, D.},
    title = "{Testing the No-Hair Theorem with Observations of Black Holes in the Electromagnetic Spectrum}",
booktitle = {38th COSPAR Scientific Assembly},
     year = 2010,
   series = {COSPAR Meeting},
   volume = 38,
    pages = {3694},
   adsurl = {http://adsabs.harvard.edu/abs/2010cosp...38.3694J},
  adsnote = {Provided by the SAO/NASA Astrophysics Data System}
}

@ARTICLE{Psaltis2011optimal,
   author = {{Psaltis}, D. and {Johannsen}, T.},
    title = "{Sgr A*: The Optimal Testbed of Strong-Field Gravity}",
  journal = {Journal of Physics Conference Series},
archivePrefix = "arXiv",
   eprint = {1012.1602},
 primaryClass = "astro-ph.HE",
     year = 2011,
    month = feb,
   volume = 283,
   number = 1,
      eid = {012030},
    pages = {012030},
      doi = {10.1088/1742-6596/283/1/012030},
   adsurl = {http://adsabs.harvard.edu/abs/2011JPhCS.283a2030P},
  adsnote = {Provided by the SAO/NASA Astrophysics Data System}
}

@ARTICLE{Johannsen2011metric,
   author = {{Johannsen}, T. and {Psaltis}, D.},
    title = "{Metric for rapidly spinning black holes suitable for strong-field tests of the no-hair theorem}",
  journal = {\prd},
archivePrefix = "arXiv",
   eprint = {1105.3191},
 primaryClass = "gr-qc",
 keywords = {Classical black holes},
     year = 2011,
    month = jun,
   volume = 83,
   number = 12,
      eid = {124015},
    pages = {124015},
      doi = {10.1103/PhysRevD.83.124015},
   adsurl = {http://adsabs.harvard.edu/abs/2011PhRvD..83l4015J},
  adsnote = {Provided by the SAO/NASA Astrophysics Data System}
}

@ARTICLE{Liu2012gravlens,
   author = {{Liu}, C. and {Chen}, S. and {Jing}, J.},
    title = "{Strong gravitational lensing of quasi-Kerr compact object with arbitrary quadrupole moments}",
  journal = {Journal of High Energy Physics},
archivePrefix = "arXiv",
   eprint = {1208.1072},
 primaryClass = "gr-qc",
 keywords = {Classical Theories of Gravity, Black Holes, Spacetime Singularities},
     year = 2012,
    month = aug,
   volume = 8,
    pages = {97},
      doi = {10.1007/JHEP08(2012)097},
   adsurl = {http://adsabs.harvard.edu/abs/2012JHEP...08..097L},
  adsnote = {Provided by the SAO/NASA Astrophysics Data System}
}


@ARTICLE{RusenLu2011,
   author = {{Lu}, R.-S. and {Krichbaum}, T.~P. and {Eckart}, A. and 
   	    {K{\"o}nig}, S. and {Kunneriath}, D. and {Witzel}, G. and 
	    {Witzel}, A. and {Zensus}, J.~A.},
    title = "{Multiwavelength VLBI observations of Sagittarius A*}",
  journal = {\aap},
archivePrefix = "arXiv",
   eprint = {1010.1287},
 primaryClass = "astro-ph.GA",
 keywords = {Galaxy: center, galaxies: individual: Sgr A*, scattering, techniques: interferometric, galaxies: nuclei},
     year = 2011,
    month = jan,
   volume = 525,
      eid = {A76},
    pages = {A76},
      doi = {10.1051/0004-6361/200913807},
   adsurl = {http://adsabs.harvard.edu/abs/2011A%26A...525A..76L},
  adsnote = {Provided by the SAO/NASA Astrophysics Data System}
}



@ARTICLE{RusenLu2014,
   author = {{Lu}, R.-S. and {Broderick}, A.~E. and {Baron}, F. and 
   	    {Monnier}, J.~D. and {Fish}, V.~L. and {Doeleman}, S.~S. and 
            {Pankratius}, V.},
    title = "{Imaging the Supermassive Black Hole Shadow and Jet Base of M87 with the Event Horizon Telescope}",
  journal = {\apj},
archivePrefix = "arXiv",
   eprint = {1404.7095},
 primaryClass = "astro-ph.IM",
 keywords = {black hole physics, galaxies: active, galaxies: jets, submillimeter: galaxies, techniques: high angular resolution, techniques: interferometric },
     year = 2014,
    month = jun,
   volume = 788,
      eid = {120},
    pages = {120},
      doi = {10.1088/0004-637X/788/2/120},
   adsurl = {http://adsabs.harvard.edu/abs/2014ApJ...788..120L},
  adsnote = {Provided by the SAO/NASA Astrophysics Data System}
}


@ARTICLE{Psaltis2012raytr,
   author = {{Psaltis}, D. and {Johannsen}, T.},
    title = "{A Ray-tracing Algorithm for Spinning Compact Object 
    	    	Spacetimes with Arbitrary Quadrupole Moments. 
		I. Quasi-Kerr Black Holes}",
  journal = {\apj},
archivePrefix = "arXiv",
   eprint = {1011.4078},
 primaryClass = "astro-ph.HE",
 keywords = {black hole physics, radiative transfer, relativistic processes},
     year = 2012,
    month = jan,
   volume = 745,
      eid = {1},
    pages = {1},
      doi = {10.1088/0004-637X/745/1/1},
   adsurl = {http://adsabs.harvard.edu/abs/2012ApJ...745....1P},
  adsnote = {Provided by the SAO/NASA Astrophysics Data System}
}


@ARTICLE{Johannsen2012testsgra,
   author = {{Johannsen}, T.},
    title = "{Testing the No-Hair Theorem with Sgr A*}",
  journal = {Advances in Astronomy},
archivePrefix = "arXiv",
   eprint = {1105.5645},
 primaryClass = "astro-ph.HE",
     year = 2012,
   volume = 2012,
      eid = {486750},
      doi = {10.1155/2012/486750},
   adsurl = {http://adsabs.harvard.edu/abs/2012AdAst2012E...1J},
  adsnote = {Provided by the SAO/NASA Astrophysics Data System}
}

@ARTICLE{BJPL2013,
   author = {{Broderick}, A.~E. and {Johannsen}, T. and {Psaltis}, D. and
        {Loeb}, A.},
    title = "{Testing the No Hair Theorem with mm-VLBI Images of Sgr A*}",
  journal = {in preparation},
     year = 2013
}

@ARTICLE{Dolence2012numosc,
   author = {{Dolence}, J.~C. and {Gammie}, C.~F. and {Shiokawa}, H. and 
	{Noble}, S.~C.},
    title = "{Near-infrared and X-Ray Quasi-periodic Oscillations in Numerical Models of Sgr A*}",
  journal = {\apjl},
archivePrefix = "arXiv",
   eprint = {1201.1917},
 primaryClass = "astro-ph.HE",
 keywords = {accretion, accretion disks, black hole physics, Galaxy: center, magnetohydrodynamics: MHD, methods: numerical, radiative transfer},
     year = 2012,
    month = feb,
   volume = 746,
      eid = {L10},
    pages = {L10},
      doi = {10.1088/2041-8205/746/1/L10},
   adsurl = {http://adsabs.harvard.edu/abs/2012ApJ...746L..10D},
  adsnote = {Provided by the SAO/NASA Astrophysics Data System}
}

@ARTICLE{Shiokawa2012relmhd,
   author = {{Shiokawa}, H. and {Dolence}, J.~C. and {Gammie}, C.~F. and 
	{Noble}, S.~C.},
    title = "{Global General Relativistic Magnetohydrodynamic Simulations of Black Hole Accretion Flows: A Convergence Study}",
  journal = {\apj},
 keywords = {accretion, accretion disks, black hole physics, magnetohydrodynamics: MHD, methods: numerical},
     year = 2012,
    month = jan,
   volume = 744,
      eid = {187},
    pages = {187},
      doi = {10.1088/0004-637X/744/2/187},
   adsurl = {http://adsabs.harvard.edu/abs/2012ApJ...744..187S},
  adsnote = {Provided by the SAO/NASA Astrophysics Data System}
}

@INPROCEEDINGS{Monica2011numeric,
   author = {{Mo{\'s}cibrodzka}, M. and {Gammie}, C.~F. and {Dolence}, J. and 
	{Shiokawa}, H. and {Leung}, P.~K.},
    title = "{Numerical Models of Sgr A*}",
booktitle = {The Galactic Center: a Window to the Nuclear Environment of Disk Galaxies},
     year = 2011,
   series = {Astronomical Society of the Pacific Conference Series},
   volume = 439,
archivePrefix = "arXiv",
   eprint = {1002.1261},
 primaryClass = "astro-ph.HE",
   editor = {{Morris}, M.~R. and {Wang}, Q.~D. and {Yuan}, F.},
    month = may,
    pages = {358},
   adsurl = {http://adsabs.harvard.edu/abs/2011ASPC..439..358M},
  adsnote = {Provided by the SAO/NASA Astrophysics Data System}
}


@ARTICLE{1998ApJ...492..554N,
   author = {{Narayan}, R. and {Mahadevan}, R. and {Grindlay}, J.~E. and 
	{Popham}, R.~G. and {Gammie}, C.},
    title = "{Advection-dominated accretion model of Sagittarius A$^{*}$: evidence for a black hole at the Galactic center.}",
  journal = {\apj},
   eprint = {arXiv:astro-ph/9706112},
 keywords = {Galactic Center: Black Holes, Accretion Disks: Black Holes, Accretion Disks: Radiation Mechanisms, Galactic Nuclei: Black Holes},
     year = 1998,
    month = jan,
   volume = 492,
    pages = {554-568},
      doi = {10.1086/305070},
   adsurl = {http://adsabs.harvard.edu/abs/1998ApJ...492..554N},
  adsnote = {Provided by the SAO/NASA Astrophysics Data System}
}

@ARTICLE{1999MNRAS.303L...1B,
   author = {{Blandford}, R.~D. and {Begelman}, M.~C.},
    title = "{On the fate of gas accreting at a low rate on to a black hole}",
  journal = {\mnras},
   eprint = {arXiv:astro-ph/9809083},
 keywords = {ACCRETION, ACCRETION DISCS, BLACK HOLE PHYSICS, HYDRODYNAMICS},
     year = 1999,
    month = feb,
   volume = 303,
    pages = {L1-L5},
      doi = {10.1046/j.1365-8711.1999.02358.x},
   adsurl = {http://adsabs.harvard.edu/abs/1999MNRAS.303L...1B},
  adsnote = {Provided by the SAO/NASA Astrophysics Data System}
}

@ARTICLE{2000A&A...362..113F,
   author = {{Falcke}, H. and {Markoff}, S.},
    title = "{The jet model for Sgr A*: Radio and X-ray spectrum}",
  journal = {\aap},
   eprint = {arXiv:astro-ph/0102186},
 keywords = {GALAXY: CENTER, GALAXIES: ACTIVE, GALAXIES: JETS, X-RAYS: GALAXIES, ACCRETION, ACCRETION DISKS, BLACK HOLE PHYSICS},
     year = 2000,
    month = oct,
   volume = 362,
    pages = {113-118},
   adsurl = {http://adsabs.harvard.edu/abs/2000A%26A...362..113F},
  adsnote = {Provided by the SAO/NASA Astrophysics Data System}
}

@ARTICLE{2002A&A...383..854Y,
   author = {{Yuan}, F. and {Markoff}, S. and {Falcke}, H.},
    title = "{A Jet-ADAF model for Sgr A$^{*}$}",
  journal = {\aap},
   eprint = {arXiv:astro-ph/0112464},
 keywords = {ACCRETION, ACCRETION DISKS, BLACK HOLE PHYSICS, GALAXIES: ACTIVE, GALAXIES: NUCLEI, GALAXY: CENTER, HYDRODYNAMICS},
     year = 2002,
    month = mar,
   volume = 383,
    pages = {854-863},
      doi = {10.1051/0004-6361:20011709},
   adsurl = {http://adsabs.harvard.edu/abs/2002A%26A...383..854Y},
  adsnote = {Provided by the SAO/NASA Astrophysics Data System}
}

@ARTICLE{2007JCAP...03..011L,
   author = {{Loeb}, A. and {Waxman}, E.},
    title = "{Properties of the radio-emitting gas around Sgr A*}",
  journal = {\jcap},
   eprint = {arXiv:astro-ph/0702043},
     year = 2007,
    month = mar,
   volume = 3,
      eid = {011},
    pages = {11},
      doi = {10.1088/1475-7516/2007/03/011},
   adsurl = {http://adsabs.harvard.edu/abs/                                                 2007JCAP...03..011L},
  adsnote = {Provided by the SAO/NASA Astrophysics Data System}
}

@ARTICLE{Broderick2006freqdepshift,
   author = {{Broderick}, A.~E. and {Loeb}, A.},
    title = "{Frequency-dependent Shift in the Image Centroid of the Black Hole at the Galactic Center as a Test of General Relativity}",
  journal = {\apjl},
   eprint = {arXiv:astro-ph/0508386},
 keywords = {Accretion, Accretion Disks, Black Hole Physics, Galaxy: Center, Cosmology: Gravitational Lensing, In           frared: General, Submillimeter},
     year = 2006,
    month = jan,
   volume = 636,
    pages = {L109-L112},
      doi = {10.1086/500008},
   adsurl = {http://adsabs.harvard.edu/abs/2006ApJ...636L.109B},
  adsnote = {Provided by the SAO/NASA Astrophysics Data System}
}

@ARTICLE{2006JPhCS..54..448B,
   author = {{Broderick}, A.~E. and {Loeb}, A.},
    title = "{Testing General Relativity with High-Resolution Imaging of Sgr A*}",
  journal = {Journal of Physics Conference Series},
   eprint = {arXiv:astro-ph/0607279},
     year = 2006,
    month = dec,
   volume = 54,
    pages = {448-455},
      doi = {10.1088/1742-6596/54/1/070},
   adsurl = {http://adsabs.harvard.edu/abs/2006JPhCS..54..448B},
  adsnote = {Provided by the SAO/NASA Astrophysics Data System}
}

@ARTICLE{2006MNRAS.367..905B,
   author = {{Broderick}, A.~E. and {Loeb}, A.},
    title = "{Imaging optically-thin hotspots near the black hole horizon of Sgr A* at radio and near-infrared wavelengths}",
  journal = {\mnras},
   eprint = {arXiv:astro-ph/0509237},
 keywords = {black hole physics, polarization, techniques: interferometric, Galaxy: centre, infrared: general, submillimetre},
     year = 2006,
    month = apr,
   volume = 367,
    pages = {905-916},
      doi = {10.1111/j.1365-2966.2006.10152.x},
   adsurl = {http://adsabs.harvard.edu/abs/2006MNRAS.367..905B},
  adsnote = {Provided by the SAO/NASA Astrophysics Data System}
}

@ARTICLE{Yuan2003nonthermal,
   author = {{Yuan}, F. and {Quataert}, E. and {Narayan}, R.},
    title = "{Nonthermal Electr           ons in Radiatively Inefficient Accretion Flow Models of Sagittarius A*}",
  journal = {\apj},
   eprint = {arXiv:astro-ph/03       04125},
 keywords = {Accretion, Accretion Disks, Black Hole Physics, Galaxies: Active, Galaxy: Center, Radiation Mechanisms: Nonthermal, Radiation Mechanisms: Thermal},
     year = 2003,
    month = nov,
   volume = 598,
    pages = {301-312},
      doi = {10.1086/378716},
   adsurl = {http://adsabs.harvard.edu/abs/2003ApJ...598..301Y},
  adsnote = {Provided by the SAO/NASA Astrophysics Data System}
}

@ARTICLE{Metropolis_etal_1953,
   author = {{Metropolis}, N. and {Rosenbluth}, A.~W. and {Rosenbluth}, M.~N. and 
	{Teller}, A.~H. and {Teller}, E.},
    title = "{Equation of State Calculations by Fast Computing Machines}",
  journal = {\jcp},
     year = 1953,
    month = jun,
   volume = 21,
    pages = {1087-1092},
      doi = {10.1063/1.1699114},
   adsurl = {http://adsabs.harvard.edu/abs/1953JChPh..21.1087M},
  adsnote = {Provided by the SAO/NASA Astrophysics Data System}
}

@ARTICLE{Gregory2005,
   author = {{Gregory}, P.~C.},
    title = "{A Bayesian Analysis of Extrasolar Planet Data for HD 73526}",
  journal = {\apj},
 keywords = {Methods: Data Analysis, Stars: Planetary Systems, Stars: Individual: Henry Draper Number: HD 73526},
     year = 2005,
    month = oct,
   volume = 631,
    pages = {1198-1214},
      doi = {10.1086/432594},
   adsurl = {http://adsabs.harvard.edu/abs/2005ApJ...631.1198G},
  adsnote = {Provided by the SAO/NASA Astrophysics Data System}
}

@ARTICLE{Benneke_Seager2012,
   author = {{Benneke}, B. and {Seager}, S.},
    title = "{Atmospheric Retrieval for Super-Earths: Uniquely Constraining the Atmospheric Composition with Transmission Spectroscopy}",
  journal = {\apj},
archivePrefix = "arXiv",
   eprint = {1203.4018},
 primaryClass = "astro-ph.EP",
 keywords = {methods: numerical, planets and satellites: atmospheres, planets and satellites: individual: GJ 1214b},
     year = 2012,
    month = jul,
   volume = 753,
      eid = {100},
    pages = {100},
      doi = {10.1088/0004-637X/753/2/100},
   adsurl = {http://adsabs.harvard.edu/abs/2012ApJ...753..100B},
  adsnote = {Provided by the SAO/NASA Astrophysics Data System}
}

@ARTICLE{Varghese_etal2011,
   author = {{Varghese}, A. and {Ibata}, R. and {Lewis}, G.~F.},
    title = "{Stellar streams as probes of dark halo mass and morphology: a Bayesian reconstruction}",
  journal = {\mnras},
archivePrefix = "arXiv",
   eprint = {1106.1765},
 primaryClass = "astro-ph.GA",
 keywords = {gravitation, dark matter},
     year = 2011,
    month = oct,
   volume = 417,
    pages = {198-215},
      doi = {10.1111/j.1365-2966.2011.19097.x},
   adsurl = {http://adsabs.harvard.edu/abs/2011MNRAS.417..198V},
  adsnote = {Provided by the SAO/NASA Astrophysics Data System}
}

@ARTICLE{Kamruddin_Dexter_2013,
   author = {{Kamruddin}, A.~B. and {Dexter}, J.},
    title = "{A geometric crescent model for black hole images}",
  journal = {\mnras},
archivePrefix = "arXiv",
   eprint = {1306.3226},
 primaryClass = "astro-ph.HE",
 keywords = {accretion, accretion discs, black hole physics, techniques: interferometric, Galaxy: centre, submillimetre: general},
     year = 2013,
    month = sep,
   volume = 434,
    pages = {765-771},
      doi = {10.1093/mnras/stt1068},
   adsurl = {http://adsabs.harvard.edu/abs/2013MNRAS.434..765K},
  adsnote = {Provided by the SAO/NASA Astrophysics Data System}
}



@ARTICLE{deVries2000,
   author = {{Vries}, A.~de},
    title = "{The apparent shape of a rotating charged black hole, closed photon orbits and the bifurcation set $A_4$}",
  journal = {Class.\ Quantum Grav.},
 keywords = {Black holes},
     year = 2000,
   volume = 17,
    pages = {123-144},
      doi = {10.1088/0264-9381/17/1/309},
}


@ARTICLE{Cruz_etal2011,
   author = {{Cruz}, N. and {Olivares}, M. and {Saavedra}, J. and {Villanueva}, J.~R.
	},
    title = "{Null geodesics in the Reissner-Nordstr$\backslash$''om Anti-de Sitter black holes}",
  journal = {ArXiv e-prints},
archivePrefix = "arXiv",
   eprint = {1111.0924},
 primaryClass = "gr-qc",
 keywords = {General Relativity and Quantum Cosmology, High Energy Physics - Theory},
     year = 2011,
    month = nov,
   adsurl = {http://adsabs.harvard.edu/abs/2011arXiv1111.0924C},
  adsnote = {Provided by the SAO/NASA Astrophysics Data System}
}

@ARTICLE{Villanueva_etal2013,
   author = {{Villanueva}, J.~R. and {Saavedra}, J. and {Olivares}, M. and 
	{Cruz}, N.},
    title = "{Photons motion in charged Anti-de Sitter black holes}",
  journal = {\apss},
 keywords = {Black holes, Elliptic functions},
     year = 2013,
    month = apr,
   volume = 344,
    pages = {437-446},
      doi = {10.1007/s10509-012-1333-x},
   adsurl = {http://adsabs.harvard.edu/abs/2013Ap%26SS.344..437V},
  adsnote = {Provided by the SAO/NASA Astrophysics Data System}
}

@ARTICLE{Bower2006,
   author = {{Bower}, G.~C.},
    title = "{High Resolution Imaging of Sagittarius A*}",
  journal = {Journal of Physics Conference Series},
     year = 2006,
    month = dec,
   volume = 54,
    pages = {370-376},
      doi = {10.1088/1742-6596/54/1/058},
   adsurl = {http://adsabs.harvard.edu/abs/2006JPhCS..54..370B},
  adsnote = {Provided by the SAO/NASA Astrophysics Data System}
}

@ARTICLE{Bower_etal2004,
   author = {{Bower}, G.~C. and {Falcke}, H. and {Herrnstein}, R.~M. and 
	{Zhao}, J.-H. and {Goss}, W.~M. and {Backer}, D.~C.},
    title = "{Detection of the Intrinsic Size of Sagittarius A* Through Closure Amplitude Imaging}",
  journal = {Science},
   eprint = {astro-ph/0404001},
     year = 2004,
    month = apr,
   volume = 304,
    pages = {704-708},
      doi = {10.1126/science.1094023},
   adsurl = {http://adsabs.harvard.edu/abs/2004Sci...304..704B},
  adsnote = {Provided by the SAO/NASA Astrophysics Data System}
}


@ARTICLE{Narayan1986,
   author = {{Narayan}, R. and {Nityananda}, R.},
    title = "{Maximum entropy image restoration in astronomy}",
  journal = {\araa},
 keywords = {Astronomy, Image Reconstruction, Maximum Entropy Method, Atmospheric Effects, Fourier Series, Interferometry, Polarization (Waves)},
     year = 1986,
   volume = 24,
    pages = {127-170},
      doi = {10.1146/annurev.aa.24.090186.001015},
   adsurl = {http://adsabs.harvard.edu/abs/1986ARA%26A..24..127N},
  adsnote = {Provided by the SAO/NASA Astrophysics Data System}
}

@ARTICLE{Kluska2014,
   author = {{Kluska}, J. and {Malbet}, F. and {Berger}, J.-P. and {Baron}, 
   	  F. and {Lazareff}, B. and {Le Bouquin}, J.-B. and {Monnier}, 
	  J.~D. and {Soulez}, F. and {Thi{\'e}baut}, E.},
    title = "{SPARCO : a semi-parametric approach for image reconstruction of chromatic objects. Application to young stellar objects}",
  journal = {\aap},
archivePrefix = "arXiv",
   eprint = {1403.3343},
 primaryClass = "astro-ph.IM",
 keywords = {methods: numerical, techniques: high angular resolution, techniques: interferometric, protoplanetary disks, stars: variables: T Tauri, Herbig Ae/Be},
     year = 2014,
    month = apr,
   volume = 564,
      eid = {A80},
    pages = {A80},
      doi = {10.1051/0004-6361/201322926},
   adsurl = {http://adsabs.harvard.edu/abs/2014A%26A...564A..80K},
  adsnote = {Provided by the SAO/NASA Astrophysics Data System}
}















%% Shadows of rotating black holes approximated by
%% Durer-Pascal limacons
%% Andreas de Vries (2005): 'Shadows of rotating black holes approximated by Dürer-Pascal limaçons', 
%% in R. Muno (Hrsg.), Jahresschrift der Bochumer Interdisziplinären Gesellschaft eV 2003, 
%% ibidem-Verlag, Stuttgart 2005 (ISBN 3-89821-456-7) 


@INPROCEEDINGS{Baron2008,
   author = {{Baron}, F. and {Young}, J.~S.},
    title = "{Image reconstruction at Cambridge University}",
booktitle = {Society of Photo-Optical Instrumentation Engineers (SPIE) 
	    Conference Series},
     year = 2008,
   series = {Society of Photo-Optical Instrumentation Engineers (SPIE) 
    	  Conference Series},
   volume = 7013,
    month = jul,
      eid = {70133X},
      doi = {10.1117/12.789115},
   adsurl = {http://adsabs.harvard.edu/abs/2008SPIE.7013E..3XB},
  adsnote = {Provided by the SAO/NASA Astrophysics Data System}
}


@INPROCEEDINGS{Baron2010,
   author = {{Baron}, F. and {Monnier}, J.~D. and {Kloppenborg}, B.},
    title = "{A novel image reconstruction software for optical/infrared 
              interferometry}",
booktitle = {Society of Photo-Optical Instrumentation Engineers (SPIE) 
   	            Conference Series},
     year = 2010,
   series = {Society of Photo-Optical Instrumentation Engineers (SPIE)
              Conference Series},
   volume = 7734,
    month = jul,
      eid = {77342I},
      doi = {10.1117/12.857364},
   adsurl = {http://adsabs.harvard.edu/abs/2010SPIE.7734E..2IB},
  adsnote = {Provided by the SAO/NASA Astrophysics Data System}
}



@INBOOK{Vries2005limacon,
   author = {{Vries}, Andreas.~de},
    title = "{Shadows of rotating black holes approximated by Dürer-Pascal 
              limaçons}",
booktitle = {Jahresschrift der Bochumer Interdisziplinären Gesellschaft},
publisher = {Stuttgart : ibidem-Verlag},
   editor = {{Muno}, R.},
 keywords = {black hole physics},
     year = 2005,
}


@INBOOK{ska2004hall,
   author = {{Hall}, Peter~J.},
booktitle = {The Square Kilometre Array: An Engineering Perspective},
publisher = {Springer},
   editor = "{{Hall}, Peter~J.}",
   volume = 17,
   number = {1-3},
    pages = {356},
  chapter = {5.2},
 keywords = {astronomy nnl},
     year = 2005,
}


\end{thebibliography}













































